@article{Yasseri2016Dec,
	author = {Yasseri, Taha and Bright, Jonathan},
	title = {{Wikipedia traffic data and electoral prediction: towards theoretically informed models}},
	journal = {EPJ Data Sci.},
	volume = {5},
	number = {1},
	pages = {1--15},
	year = {2016},
	month = dec,
	issn = {2193-1127},
	publisher = {SpringerOpen},
	doi = {10.1140/epjds/s13688-016-0083-3}
}

@article{Rainie2020May,
	author = {Rainie, Lee},
	title = {{Wikipedia users}},
	journal = {Pew Research Center: Internet, Science {\&} Tech},
	year = {2020},
	month = may,
	url = {https://www.pewresearch.org/internet/2007/04/24/wikipedia-users}
}

@misc{Ofcom2015,
	title = {{Adults' media use and attitudes report 2015}},
	author = {Ofcom},
	year = {2015},
	note = {[Online; accessed 22. Aug. 2023]},
	url = {https://www.ofcom.org.uk/research-and-data/media-literacy-research/adults/adults-media-use-and-attitudes}
}

@misc{BibEntry2023Aug,
	title = {Top Websites Ranking},
	author = {Similarweb},
	year = {2023},
	month = aug,
	note = {[Online; accessed 22. Aug. 2023]},
	url = {https://www.similarweb.com/top-websites}
}

@article{Goel2010Oct,
	author = {Goel, Sharad and Hofman, Jake M. and Lahaie, S{\ifmmode\acute{e}\else\'{e}\fi}bastien and Pennock, David M. and Watts, Duncan J.},
	title = {{Predicting consumer behavior with Web search}},
	journal = {Proc. Natl. Acad. Sci. U.S.A.},
	volume = {107},
	number = {41},
	pages = {17486--17490},
	year = {2010},
	month = oct,
	publisher = {Proceedings of the National Academy of Sciences},
	doi = {10.1073/pnas.1005962107}
}

@misc{WOS2023Aug,
	title = {{Citations of Predicting consumer behavior with Web search}},
	author = {{webofscience.com}},
	year = {2023},
	month = aug,
	note = {[Online; accessed 23. Aug. 2023]},
	url = {https://www.webofscience.com/wos/woscc/summary/c338aa6a-6844-476f-96d8-e5362817c55a-9f56d645/date-descending/1}
}

@article{Ginsberg2009Feb,
	author = {Ginsberg, Jeremy and Mohebbi, Matthew H. and Patel, Rajan S. and Brammer, Lynnette and Smolinski, Mark S. and Brilliant, Larry},
	title = {{Detecting influenza epidemics using search engine query data}},
	journal = {Nature},
	volume = {457},
	pages = {1012--1014},
	year = {2009},
	month = feb,
	issn = {1476-4687},
	publisher = {Nature Publishing Group},
	doi = {10.1038/nature07634}
}

@article{Lazer2014Mar,
	author = {Lazer, David and Kennedy, Ryan and King, Gary and Vespignani, Alessandro},
	title = {{The Parable of Google Flu: Traps in Big Data Analysis}},
	journal = {Science (New York, N.Y.)},
	volume = {343},
	number = {6176},
	pages = {1203--5},
	year = {2014},
	month = mar,
	issn = {1095-9203},
	publisher = {American Association for the Advancement of Science (AAAS)},
	doi = {10.1126/science.1248506}
}

@article{DiGrazia2013Nov,
	author = {DiGrazia, Joseph and McKelvey, Karissa and Bollen, Johan and Rojas, Fabio},
	title = {{More Tweets, More Votes: Social Media as a Quantitative Indicator of Political Behavior}},
	journal = {PLoS One},
	volume = {8},
	number = {11},
	pages = {e79449},
	year = {2013},
	month = nov,
	issn = {1932-6203},
	publisher = {Public Library of Science},
	doi = {10.1371/journal.pone.0079449}
}

@article{Rousidis2020Mar,
	author = {Rousidis, Dimitrios and Koukaras, Paraskevas and Tjortjis, Christos},
	title = {{Social media prediction: a literature review}},
	journal = {Multimed. Tools Appl.},
	volume = {79},
	number = {9},
	pages = {6279--6311},
	year = {2020},
	month = mar,
	issn = {1573-7721},
	publisher = {Springer US},
	doi = {10.1007/s11042-019-08291-9}
}

@article{Jungherr2011Apr,
	author = {Jungherr, Andreas and J{\ifmmode\ddot{u}\else\"{u}\fi}rgens, Pascal and Schoen, Harald},
	title = {{Why the Pirate Party Won the German Election of 2009 or The Trouble With Predictions: A Response to Tumasjan, A., Sprenger, T. O., Sander, P. G., {\&} Welpe, I. M. {\textquotedblleft}Predicting Elections With Twitter: What 140 Characters Reveal About Political Sentiment{\textquotedblright}}},
	journal = {Social Science Computer Review},
	volume = {30},
	number = {2},
	pages = {229--234},
	year = {2011},
	month = apr,
	issn = {0894-4393},
	publisher = {SAGE Publications Inc},
	doi = {10.1177/0894439311404119}
}

@article{Gayo-Avello2011,
	author = {Gayo-Avello, Daniel and Metaxas, Panagiotis and Mustafaraj, Eni},
	title = {{Limits of Electoral Predictions Using Twitter}},
	journal = {ICWSM},
	volume = {5},
	number = {1},
	pages = {490--493},
	year = {2011},
	issn = {2334-0770},
	doi = {10.1609/icwsm.v5i1.14189}
}

@article{Tumasjan2010May,
	author = {Tumasjan, Andranik and Sprenger, Timm and Sandner, Philipp and Welpe, Isabell},
	title = {{Predicting Elections with Twitter: What 140 Characters Reveal about Political Sentiment}},
	journal = {ICWSM},
	volume = {4},
	number = {1},
	pages = {178--185},
	year = {2010},
	month = may,
	issn = {2334-0770},
	doi = {10.1609/icwsm.v4i1.14009}
}

@article{Lazer2009Feb,
	author = {Lazer, David and Pentland, Alex and Adamic, Lada and Aral, Sinan and Barab{\ifmmode\acute{a}\else\'{a}\fi}si, Albert-L{\ifmmode\acute{a}\else\'{a}\fi}szl{\ifmmode\acute{o}\else\'{o}\fi} and Brewer, Devon and Christakis, Nicholas and Contractor, Noshir and Fowler, James and Gutmann, Myron and Jebara, Tony and King, Gary and Macy, Michael and Roy, Deb and Van Alstyne, Marshall},
	title = {{Computational Social Science}},
	journal = {Science},
	volume = {323},
	number = {5915},
	pages = {721--723},
	year = {2009},
	month = feb,
	issn = {0036-8075},
	publisher = {American Association for the Advancement of Science},
	doi = {10.1126/science.1167742}
}


@article{Bendor2003May,
	author = {Bendor, Jonathan and Diermeier, Daniel and Ting, Michael},
	title = {{A Behavioral Model of Turnout}},
	journal = {American Political Science Review},
	volume = {97},
	number = {2},
	pages = {261--280},
	year = {2003},
	month = may,
	issn = {1537-5943},
	publisher = {Cambridge University Press},
	doi = {10.1017/S0003055403000662}
}

@article{Martorana2011Nov,
	author = {Martorana, Marco Ferdinando},
	title = {{Voting Behaviour in a dynamic perspective: a survey}},
	journal = {University Library of Munich, Germany},
	year = {2011},
	month = nov,
	publisher = {University Library of Munich, Germany},
	url = {https://econpapers.repec.org/paper/pramprapa/37592.htm}
}

@article{Ohr2001Dec,
	author = {Ohr, Dieter and Schrott, Peter R.},
	title = {{Campaigns and Information Seeking: Evidence from a German State Election}},
	journal = {European Journal of Communication},
	volume = {16},
	number = {4},
	pages = {419--449},
	year = {2001},
	month = dec,
	issn = {0267-3231},
	publisher = {SAGE Publications Ltd},
	doi = {10.1177/0267323101016004001}
}

@article{Crane2008Oct,
	author = {Crane, Riley and Sornette, Didier},
	title = {{Robust dynamic classes revealed by measuring the response function of a social system}},
	journal = {Proc. Natl. Acad. Sci. U.S.A.},
	volume = {105},
	number = {41},
	pages = {15649--15653},
	year = {2008},
	month = oct,
	publisher = {Proceedings of the National Academy of Sciences},
	doi = {10.1073/pnas.0803685105}
}

@article{Salem2021Jun,
	author = {Salem, Hamza and Stephany, Fabian},
	title = {{Wikipedia: a challenger{'}s best friend? Utilizing information-seeking behaviour patterns to predict US congressional elections}},
	journal = {Information, Communication {\&} Society},
	pages = {174--200},
	year = {2021},
	month = jun,
	publisher = {Routledge},
	url = {https://www.tandfonline.com/doi/full/10.1080/1369118X.2021.1942953}
}

@article{Smith2017Sep,
	author = {Smith, Benjamin K. and Gustafson, Abel},
	title = {{Using Wikipedia to Predict Election Outcomes: Online Behavior as a Predictor of Voting}},
	journal = {Public Opin. Q.},
	volume = {81},
	number = {3},
	pages = {714--735},
	year = {2017},
	month = sep,
	issn = {0033-362X},
	publisher = {Oxford Academic},
	doi = {10.1093/poq/nfx007}
}


@misc{ElectionData2023,
	author = {{europa.eu}},
	title = {2019 European election results},
	year = {{{n.d.}}},
	note = {[Online; accessed 26. Sep. 2023]},
	url = {\url{https://www.europarl.europa.eu/election-results-2019/en/tools/download-datasheets}}
}

@misc{WikiDumps2023,
author = {{wikimedia.org}},
  title = {Page View complete dumps},
  howpublished = {\url{https://dumps.wikimedia.org/other/pageview_complete/readme.html}},
  note = {[Online; accessed 26. Sep. 2023]},
  year = {n.d.}}
}